
@article{Dillon1994AGI,
  title={A Graphical Interval Logic for Specifying Concurrent Systems},
  author={Laura K. Dillon and George Kutty and Louise E. Moser and P. M. Melliar-Smith and Y. S. Ramakrishna},
  journal={ACM Trans. Softw. Eng. Methodol.},
  year={1994},
  volume={3},
  pages={131-165}
}

@inproceedings{Havelund2014ComprehensionOS,
  title={Comprehension of Spacecraft Telemetry Using Hierarchical 
    Specifications of Behavior},
  author={Klaus Havelund and Rajeev Joshi},
  booktitle={16th International Conference on Formal Engineering 
    Methods (ICFEM), Luxembourg},
  editors = {Stephan Merz and Jun Pang},
  publisher = {Springer},
  series = {LNCS},
  volume = {8829},  
  pages={187--202}, 
  year={2014},
  month={Nov}
}

@incollection{hansen2007theory,
  title={A theory of Duration Calculus with application},
  author={Hansen, Michael Reichhardt and Van Hung, Dang},
  booktitle={Domain modeling and the duration calculus},
  pages={119--176},
  year={2007},
  publisher={Springer}
}

@article{Moszkowski1985ATL,
  title={A Temporal Logic for Multilevel Reasoning about Hardware},
  author={Ben C. Moszkowski},
  journal={IEEE Computer},
  year={1985},
  volume={18},
  pages={10-19}
}

@inproceedings{Smith2001EventsAC,
  title={Events and Constraints: A Graphical Editor for Capturing Logic Requirements of Programs},
  author={Margaret H. Smith and Gerard J. Holzmann and Kousha Etessami},
  booktitle={21st IEEE International Requirements Engineering Conference (RE), 
  Toronto, Canada},
  year={2001},
  month={August}
}

@inproceedings{Bodden2007TransformingTS,
  title={Transforming Timeline Specifications into Automata for Runtime Monitoring},
  author={Eric Bodden and Hans Vangheluwe},
  booktitle={AGTIVE},
  year={2008},
  publisher = {Springer},
  series = {LNCS},
  volume = {5088},  
  pages={249–-264}  
}

@article{kozen-mucalc-83,
  title = {Results on the propositional $\mu$-calculus},
  booktitle = {Special Issue Ninth International Colloquium on 
     Automata, Languages and Programming (ICALP), Aarhus},
  author = {Dexter Kozen},
  journal = {Theoretical Computer Science},
  volume = {27},
  number = {3},
  pages = {333--354},
  year = {1983}
}

@book{Milner:1982:CCS,
 author = {Milner, R.},
 title = {A  Calculus of Communicating Systems},
 year = {1982},
 isbn = {0387102353},
 publisher = {Springer-Verlag New York, Inc.},
 address = {Secaucus, NJ, USA},
} 

@book{Hoare:1985:CSP,
 author = {Hoare, C. A. R.},
 title = {Communicating Sequential Processes},
 year = {1985},
 isbn = {0-13-153271-5},
 publisher = {Prentice-Hall, Inc.},
 address = {Upper Saddle River, NJ, USA},
} 

@inproceedings{artho-dslscala-icfem15,
  title={Domain-Specific Languages with {Scala}},
  author={Cyrille Artho and Klaus Havelund and Rahul Kumar and Yoriyuki Yamagata},
  booktitle={17th International Conference on Formal Engineering Methods (ICFEM), Paris},
  year={2015},
  month={Nov},
  publisher = {Springer},
  series = {LNCS},
  volume = {9407},  
  pages={1--16}
}

@article{Francalanza-mucalc-fmsd15,
  title={Synthesising correct concurrent runtime monitors},
  author={Adrian Francalanza and Aldrin Seychell},
  journal={Formal Methods in System Design},
  year={2015},
  volume={46},
  pages={226--261}
}

@INPROCEEDINGS{bartetzko-jass-rv01,
  author = {Bartetzko, D., Fischer, C., M{\"o}ller, M. and Wehrheim, H.},
  title = {{Jass—Java} with assertions},
  booktitle = {Proc. of the 1st Int. Workshop on Runtime Verification (RV'01), Paris, France},
  year = {2001},
  month = {July},
  series = {ENTCS},
  volume = {55(2)},
  pages = {103--117},
  publisher = {Elsevier}
}

@INPROCEEDINGS{Barringer2004,
  author = {Howard Barringer and Allen Goldberg and Klaus Havelund and Koushik
	Sen},
  title = {Rule-Based Runtime Verification},
  booktitle = {VMCAI},
  year = {2004},
  pages = {44-57},
}

@inproceedings{Havelund2015,
	Author = {Klaus Havelund and Giles Reger},
	Booktitle = {Formal Modeling and Verification of Cyber-Physical Systems},
	Editors = {Rolf Drechsler and Ulrich Kuhne},
	Month = September,
	Title = {Specification of Parametric Monitors - Quantified Event Automata versus Rule Systems},
	Year = 2015}

@inproceedings{DeckerLT13,
	Author = {Normann Decker and Martin Leucker and Daniel Thoma},
	Booktitle = {{NASA} Formal Methods, 5th International Symposium, {NFM} 2013, Moffett Field, CA, USA, May 14-16, 2013. Proceedings},
	Doi = {10.1007/978-3-642-38088-4_34},
	Editor = {Guillaume Brat and Neha Rungta and Arnaud Venet},
	Pages = {459--464},
	Publisher = {Springer},
	Series = {Lecture Notes in Computer Science},
	Title = {{j}{U}nit\textsuperscript{RV}---Adding Runtime Verification to j{U}nit},
	Volume = {7871},
	Year = {2013},
	Bdsk-Url-1 = {http://dx.doi.org/10.1007/978-3-642-38088-4_34}}

@inproceedings{Basin_etal:monpoly,
	Address = {Heidelberg, Germany},
	Author = {David Basin and Mat\'u\v{s} Harvan and Felix Klaedtke and Eugen Z\u{a}linescu},
	Booktitle = {Proceedings of the 2nd International Conference on Runtime Verification},
	Pages = {360--364},
	Publisher = springer,
	Series = lncs,
	Title = {{MONPOLY}: Monitoring Usage-control Policies},
	Volume = {7186},
	Year = {2012}}

@Inproceedings{Decker2016,
author="Decker, Normann
and Harder, Jannis
and Scheffel, Torben
and Schmitz, Malte
and Thoma, Daniel",
editor="Chechik, Marsha
and Raskin, Jean-Fran{\c{c}}ois",
chapter="Runtime Monitoring with Union-Find Structures",
title="Tools and Algorithms for the Construction and Analysis of Systems: 22nd International Conference, TACAS 2016, Held as Part of the European Joint Conferences on Theory and Practice of Software, ETAPS 2016, Eindhoven, The Netherlands, April 2-8, 2016, Proceedings",
year="2016",
publisher="Springer Berlin Heidelberg",
address="Berlin, Heidelberg",
pages="868--884",
isbn="978-3-662-49674-9",
doi="10.1007/978-3-662-49674-9_54",
url="http://dx.doi.org/10.1007/978-3-662-49674-9_54"
}



@article{BasinKMZ-JACM15,
	Articleno = {15},
	Author = {Basin, David and Klaedtke, Felix and M\"{u}ller, Samuel and Z\u{a}linescu, Eugen},
	Journal = {Journal of the ACM},
	Number = {2},
	Numpages = {45},
	Title = {Monitoring Metric First-order Temporal Properties},
	Volume = {62},
	Year = 2015}


@article{BasinKMZ-FMSD15,
	Author = {David Basin and Felix Klaedtke and Srdjan Marinovic and Eugen Z\u{a}linescu},
	Journal = {Formal Methods in System Design},
	Title = {Monitoring of Temporal First-order Properties with Aggregations},
	Url = {http://link.springer.com/article/10.1007/s10703-015-0222-7},
	Year = {2015},
	Bdsk-Url-1 = {http://link.springer.com/article/10.1007/s10703-015-0222-7}}

@ARTICLE{Havelund2014,
  author = {Havelund, K.},
  title = {Rule-based {R}untime {V}erification {R}evisited},
  journal = {International Journal on Software Tools for Technology Transfer (STTT)},
  year = {2014},
  pages = {To appear},
  owner = {eziobartocci},
  timestamp = {2014.02.20}
}

@techreport{DouBB14,
author = {Dou, Wei and Bianculli, Domenico and Briand, Lionel},
title = {A Model-Driven Approach to Offline Trace Checking of Temporal Properties with OCL},
number = {SnT-TR-2014-5},
mont = {September},
year = {2014},
institution = {Interdisciplinary Centre for Security, Reliability and Trust},
url = {http://hdl.handle.net/10993/16112}
}

@inproceedings{Reger2015,
	Author = {Giles Reger and Helena Cuenca Cruz and David Rydeheard},
	Booktitle = {Proceedings of the 21st International Conference on Tools and Algorithms for the Construction and Analysis of Systems (TACAS'15)},
	Title = {MarQ: monitoring at runtime with QEA},
	Year = {2015}}

@inproceedings{njwbmbf13,
	Author = {S. Navabpour and Y. Joshi and C. W. W. Wu and S. Berkovich and R. Medhat and B. Bonakdarpour and S. Fischmeister},
	Booktitle = {{ACM} Symposium on the Foundations of Software Engineering (FSE)},
	Pages = {603--606},
	Title = {Ri{THM}: a tool for enabling time-triggered runtime verification for C programs},
	Year = {2013}}

@article{MedhatJBF14,
	Author = {Ramy Medhat and Yogi Joshi and Borzoo Bonakdarpour and Sebastian Fischmeister},
	Journal = {CoRR},
	Title = {Accelerated Runtime Verification of {LTL} Specifications with Counting Semantics},
	Volume = {abs/1411.2239},
	Year = {2014}}

@inproceedings{DAngelo2005,
	Author = {D'Angelo, B. and Sankaranarayanan, S. and Sanchez, C. and Robinson, W. and Finkbeiner, B. and Sipma, H.B. and Mehrotra, S. and Manna, Zohar},
	Booktitle = {Proceedings of TIME 2005: the 12th International Symposium on Temporal Representation and Reasoning},
	Doi = {10.1109/TIME.2005.26},
	Issn = {1530-1311},
	Pages = {166--174},
	Title = {{LOLA}: runtime monitoring of synchronous systems},
	Year = {2005},
	Bdsk-Url-1 = {http://dx.doi.org/10.1109/TIME.2005.26}}

@inproceedings{Delahaye2013,
	Author = {Delahaye, Micka\"el and Kosmatov, Nikolai and Signoles, Julien},
	Booktitle = {Proceedings of SAC '13: the 28th Annual ACM Symposium on Applied Computing},
	Doi = {10.1145/2480362.2480593},
	Isbn = {978-1-4503-1656-9},
	Location = {Coimbra, Portugal},
	Month = mar,
	Pages = {1230--1235},
	Publisher = {ACM},
	Title = {{Common Specification Language for Static and Dynamic Analysis of C Programs}},
	Year = {2013},
	Bdsk-Url-1 = {http://dx.doi.org/10.1145/2480362.2480593}}

@manual{Signoles2014-spec,
	Author = {Julien Signoles},
	Month = mar,
	Note = {\url{frama-c.com/download/e-acsl/e-acsl.pdf}},
	Title = {{E-ACSL: Executable ANSI/ISO C Specification Language, version 1.5-4}},
	Year = 2014}

@manual{Signoles2014-manual,
	Author = {Julien Signoles},
	Month = mar,
	Note = {\url{http://frama-c.com/download/e-acsl/e-acsl-manual.pdf}},
	Title = {E-ACSL User Manual},
	Year = 2014}

@manual{Baudin2014,
	Author = {Baudin, Patrick and Filli\^{a}tre, Jean-Christophe and March\'{e}, Claude and Monate, Benjamin and Moy, Yannick and Prevosto, Virgile},
	Month = mar,
	Title = {{ACSL: ANSI/ISO C Specification Language. Version 1.8}},
	Year = {2014}}

@inproceedings{Jin2012,
	Author = {Jin, D. and Meredith, P. O. and Lee, C. and Ro\c{s}u, G.},
	Booktitle = {Proceedings of ICSE 2012: THE 34th International Conference on Software Engineering, Zurich, Switzerland, June 2-9},
	Pages = {1427--1430},
	Publisher = {IEEE Press},
	Title = {Java{M}{O}{P}: {E}fficient {P}arametric {R}untime {M}onitoring {F}ramework},
	Year = {2012}}

@inproceedings{Luo2014-rv,
	Author = {Qingzhou Luo and Yi Zhang and Choonghwan Lee and Dongyun Jin and Patrick O'Neil Meredith and Traian{-}Florin Serbanuta and Grigore Rosu},
	Booktitle = {Runtime Verification - 5th International Conference, {RV} 2014, Toronto, ON, Canada, September 22-25, 2014. Proceedings},
	Doi = {10.1007/978-3-319-11164-3_24},
	Pages = {285--300},
	Title = {RV-Monitor: Efficient Parametric Runtime Verification with Simultaneous Properties},
	Year = {2014},
	Bdsk-Url-1 = {http://dx.doi.org/10.1007/978-3-319-11164-3_24}}

@article{STTT2015MMT,
	Author = {Decker, Normann and Leucker, Martin and Thoma, Daniel},
	Doi = {10.1007/s10009-015-0380-3},
	Issn = {1433-2779},
	Journal = {International Journal on Software Tools for Technology Transfer},
	Keywords = {Runtime verification; Monitoring; SMT; Monitor synthesis; First-order temporal logic},
	Language = {English},
	Pages = {1-21},
	Publisher = {Springer Berlin Heidelberg},
	Title = {Monitoring modulo theories},
	Url = {http://dx.doi.org/10.1007/s10009-015-0380-3},
	Year = {2015},
	Bdsk-Url-1 = {http://dx.doi.org/10.1007/s10009-015-0380-3}}

@inproceedings{Colombo2008,
	Author = {Christian Colombo and Gordon J. Pace and Gerardo Schneider},
	Booktitle = {Formal Methods for Industrial Critical Systems (FMICS)},
	Pages = {135--149},
	Publisher = {Springer},
	Series = {Lecture Notes in Computer Science},
	Title = {Dynamic Event-Based Runtime Monitoring of Real-Time and Contextual Properties},
	Volume = {5596},
	Year = {2008}}

@inproceedings{Colombo2009,
	Acmid = {1685414},
	Address = {Washington, DC, USA},
	Author = {Colombo, Christian and Pace, Gordon J. and Schneider, Gerardo},
	Booktitle = {Proceedings of the 2009 Seventh IEEE International Conference on Software Engineering and Formal Methods},
	Doi = {10.1109/SEFM.2009.13},
	Isbn = {978-0-7695-3870-9},
	Numpages = {5},
	Pages = {33--37},
	Publisher = {IEEE Computer Society},
	Series = {SEFM '09},
	Title = {LARVA --- Safer Monitoring of Real-Time Java Programs (Tool Paper)},
	Year = {2009},
	Bdsk-Url-1 = {http://dx.doi.org/10.1109/SEFM.2009.13}}




@article{Fischer1979PropositionalDL,
  title={Propositional Dynamic Logic of Regular Programs},
  author={Michael J. Fischer and Richard E. Ladner},
  journal={J. Comput. Syst. Sci.},
  year={1979},
  volume={18},
  pages={194-211}
}

@inproceedings{Eisner2014TemporalLM,
  title={Temporal Logic Made Practical},
  author={Cindy Eisner and Dana Fisman},
  year={2014}
}

@INPROCEEDINGS{Dwyer1999,
  author = {Dwyer, Matthew B. and Avrunin, George S. and Corbett, James C.},
  title = {Patterns in property specifications for finite-state verification},
  booktitle = {ICSE '99: Proceedings of the 21st international conference on Software
	engineering},
  year = {1999},
  pages = {411--420},
  address = {New York, NY, USA},
  publisher = {ACM},
  doi = {http://doi.acm.org/10.1145/302405.302672},
  isbn = {1-58113-074-0},
  location = {Los Angeles, California, United States},
}

@article{LeuckerS09,
	Author = {Martin Leucker and Christian Schallhart},
	Bibsource = {dblp computer science bibliography, http://dblp.org},
	Biburl = {http://dblp.uni-trier.de/rec/bib/journals/jlp/LeuckerS09},
	Doi = {10.1016/j.jlap.2008.08.004},
	Journal = {J. Log. Algebr. Program.},
	Number = {5},
	Pages = {293--303},
	Timestamp = {Fri, 27 Nov 2009 14:41:13 +0100},
	Title = {A brief account of runtime verification},
	Url = {http://dx.doi.org/10.1016/j.jlap.2008.08.004},
	Volume = {78},
	Year = {2009},
	Bdsk-Url-1 = {http://dx.doi.org/10.1016/j.jlap.2008.08.004}}

@incollection{FalconeHR13,
	Author = {Yli{\`{e}}s Falcone and Klaus Havelund and Giles Reger},
	Booktitle = {Engineering Dependable Software Systems},
	Doi = {10.3233/978-1-61499-207-3-141},
	Pages = {141--175},
	Title = {A Tutorial on Runtime Verification},
	Year = {2013},
	Bdsk-Url-1 = {http://dx.doi.org/10.3233/978-1-61499-207-3-141}}

@inproceedings{BartocciBF14,
	Author = {Ezio Bartocci and Borzoo Bonakdarpour and Yli{\`{e}}s Falcone},
	Booktitle = {Runtime Verification - 5th International Conference, {RV} 2014, Toronto, ON, Canada, September 22-25, 2014. Proceedings},
	Doi = {10.1007/978-3-319-11164-3_1},
	Pages = {1--9},
	Title = {First International Competition on Software for Runtime Verification},
	Year = {2014},
	Bdsk-Url-1 = {http://dx.doi.org/10.1007/978-3-319-11164-3_1}}


@inproceedings{FalconeNRT15,
	Author = {Yli\`es Falcone and Dejan Nickovic and Giles Reger and Daniel Thoma},
	Booktitle = {Runtime Verification - 15th International Conference, {RV} 2015, Vienna, Austria, 2015. Proceedings},
	Pages = {365-382},
	Title = {Second International Competition on Runtime Verification - CRV 15},
	Volume = {9333},
	Year = {2015}}

@techreport{Joshi2014,
author={Ramy Medhat and Yogi Joshi and Borzoo Bonakdarpour and Sebastian Fischmeister},
title={Parallelized Runtime Verification of First-order {LTL} Specifications},
institution={University of Waterloo},
year={2014}
}

@article{Bauer2015,
year={2015},
issn={0925-9856},
journal={Formal Methods in System Design},
doi={10.1007/s10703-015-0227-2},
title={The ins and outs of first-order runtime verification},
url={http://dx.doi.org/10.1007/s10703-015-0227-2},
publisher={Springer US},
keywords={Monitoring; Spawning automata; Temporal logic; First-order logic; Monitorability; Trace-length independence},
author={Bauer, Andreas and Küster, Jan-Christoph and Vegliach, Gil},
pages={1-31},
language={English}
}

@inproceedings{Decker14,
  author    = {Normann Decker and
               Martin Leucker and
               Daniel Thoma},
  title     = {Monitoring Modulo Theories},
  booktitle = {Tools and Algorithms for the Construction and Analysis of Systems
               - 20th International Conference, {TACAS} 2014.},
  year      = {2014},
  pages     = {341--356}
}

@inproceedings{larva,
 author = {Colombo, Christian and Pace, Gordon J. and Schneider, Gerardo},
 title = {LARVA --- Safer Monitoring of Real-Time Java Programs (Tool Paper)},
 booktitle = {Proceedings of the 2009 Seventh IEEE International Conference on Software Engineering and Formal Methods},
 series = {SEFM '09},
 year = {2009},
 isbn = {978-0-7695-3870-9},
 pages = {33--37},
 numpages = {5},
 url = {http://dx.doi.org/10.1109/SEFM.2009.13},
 doi = {10.1109/SEFM.2009.13},
 acmid = {1685414},
 publisher = {IEEE Computer Society},
 address = {Washington, DC, USA},
 keywords = {runtime verification, monitoring of real-time properties, resource-bounded monitoring},
} 

@incollection{monpoly,
year={2012},
isbn={978-3-642-29859-2},
booktitle={Runtime Verification},
volume={7186},
series={Lecture Notes in Computer Science},
editor={Khurshid, Sarfraz and Sen, Koushik},
doi={10.1007/978-3-642-29860-8_27},
title={MONPOLY: Monitoring Usage-Control Policies},
url={http://dx.doi.org/10.1007/978-3-642-29860-8_27},
publisher={Springer Berlin Heidelberg},
author={Basin, David and Harvan, Matúš and Klaedtke, Felix and Zălinescu, Eugen},
pages={360-364},
language={English}
}

@inproceedings{Chen2009,
title={Parametric Trace Slicing and Monitoring},
author={Feng Chen and Grigore Ro\c{s}u},
booktitle={Proceedings of the 15th International Conference on Tools and Algorithms for the Construction and Analysis of Systems (TACAS'09)},
year={2009},
series = {LNCS},
volume = {5505},
pages={246-261}
}

@ARTICLE{Barringer2010,
  author = {Barringer, H. and Rydeheard, D. and Havelund, K.},
  title = {Rule Systems for Run-time Monitoring: from {EAGLE to RuleR}},
  journal = {J Logic Computation},
  year = {2010},
  volume = {20},
  pages = {675--706},
  number = {3},
  month = {June},
  owner = {giles},
  timestamp = {2010.10.18}
}


@ARTICLE{Stolz2010,
  author = {Stolz, Volker},
  title = {Temporal Assertions with Parametrized Propositions*},
  journal = {J. Log. and Comput.},
  year = {2010},
  volume = {20},
  pages = {743--757},
  month = {June},
  acmid = {1830413},
  address = {Oxford, UK},
  bdsk-url-1 = {http://dx.doi.org/10.1093/logcom/exn078},
  doi = {http://dx.doi.org/10.1093/logcom/exn078},
  issn = {0955-792X},
  issue = {3},
  numpages = {15},
  publisher = {Oxford University Press},
  url = {http://dx.doi.org/10.1093/logcom/exn078}
}
@INPROCEEDINGS{stolz06,
  author = {V. Stolz and E. Bodden},
  title = {Temporal Assertions using {AspectJ}},
  booktitle = {Proc. of the 5th Int. Workshop on Runtime Verification (RV'05)},
  year = {2006},
  volume = {144(4)},
  series = {ENTCS},
  pages = {109-124},
  publisher = {Elsevier}
}

@ARTICLE{Allan2005,
  author = {Allan, Chris and Avgustinov, Pavel and Christensen, Aske Simon and
	Hendren, Laurie and Kuzins, Sascha and Lhot\'{a}k, Ond\v{r}ej and
	de Moor, Oege and Sereni, Damien and Sittampalam, Ganesh and Tibble,
	Julian},
  title = {Adding trace matching with free variables to {AspectJ}},
  journal = {SIGPLAN Not.},
  year = {2005},
  volume = {40},
  pages = {345--364},
  month = {October},
  acmid = {1094839},
  address = {New York, NY, USA},
  bdsk-url-1 = {http://doi.acm.org/10.1145/1103845.1094839},
  doi = {http://doi.acm.org/10.1145/1103845.1094839},
  issn = {0362-1340},
  issue = {10},
  issue_date = {October 2005},
  keywords = {aspect-oriented programming, program monitoring},
  numpages = {20},
  publisher = {ACM},
  url = {http://doi.acm.org/10.1145/1103845.1094839}
}

@INPROCEEDINGS{Barringer2012,
  author = {Howard Barringer and Yli{\`e}s Falcone and Klaus Havelund and Giles
	Reger and David E. Rydeheard},
  title = {Quantified Event Automata: Towards Expressive and Efficient Runtime
	Monitors},
  booktitle = {FM},
  year = {2012},
  pages = {68-84},
  bibsource = {DBLP, http://dblp.uni-trier.de},
  ee = {http://dx.doi.org/10.1007/978-3-642-32759-9_9}
}

@INPROCEEDINGS{Barringer2011,
  author = {Barringer, Howard and Havelund, Klaus},
  title = {TraceContract: a {Scala DSL} for trace analysis},
  booktitle = {Proc. of the 17th international conference on Formal methods},
  year = {2011},
  pages = {57--72},
  address = {Berlin, Heidelberg},
  acmid = {2021306},
  bdsk-url-1 = {http://dl.acm.org/citation.cfm?id=2021296.2021306},
  date-modified = {2012-03-02 16:22:45 +0000},
  isbn = {978-3-642-21436-3},
  location = {Limerick, Ireland},
  numpages = {16},
  url = {http://dl.acm.org/citation.cfm?id=2021296.2021306}
}

@ARTICLE{Meredith2011,
  author = {Meredith, Patrick and Jin, Dongyun and Griffith, Dennis and Chen,
	Feng and Ro{\c s}u, Grigore},
  title = {An overview of the {MOP} runtime verification framework},
  journal = {J Software Tools for Technology Transfer},
  year = {2011},
  pages = {1-41},
  affiliation = {Department of Computer Science, University of Illinois at Urbana-Champaign,
	201 N Goodwin Ave., Urbana, IL 61801, USA},
  bdsk-url-1 = {http://dx.doi.org/10.1007/s10009-011-0198-6},
  issn = {1433-2779},
  keyword = {Computer Science},
  publisher = {Springer Berlin / Heidelberg},
  url = {http://dx.doi.org/10.1007/s10009-011-0198-6}
}

@ARTICLE{Stolz2005,
  author = {Volker Stolz and Frank Huch},
  title = {Runtime Verification of Concurrent {Haskell} Programs},
  journal = {Electr. Notes Theor. Comput. Sci.},
  year = {2005},
  volume = {113},
  pages = {201-216},
  bibsource = {DBLP, http://dblp.uni-trier.de},
  ee = {http://dx.doi.org/10.1016/j.entcs.2004.01.026}
}
